@misc { echo,
  author = {Vighnesh Birodkar},
  title = {C Socket Tutorial – Echo Server},
  url = {https://vcansimplify.wordpress.com/2013/03/14/c-socket-tutorial-echo-server/}
}

@misc { ttl,
  author = {David Margolius and Igal Zeifman},
  title = {The Long and Short of TTL – Understanding DNS Redundancy and the Dyn DDoS Attack},
  year = {2016},
  url = {https://www.imperva.com/blog/the-long-and-short-of-ttl-the-ddos-perspective/?fbclid=IwAR2P4QWqaj3kA6v0Esjyt2dJR0SduHbThSBM4m1fH0Xd64-5ZeoSenGvdEA},
}

@misc { dos,
  author = {No Author},
  title = {How to Perform TCP SYN Flood DoS Attack \& Detect it with Wireshark - Kali Linux hping3},
  url = {http://www.firewall.cx/general-topics-reviews/network-protocol-analyzers/1224-performing-tcp-syn-flood-attack-and-detecting-it-with-wireshark.html},
}

@misc { hping3,
  author = {Salvatore Sanfilippo},
  title = {hping3(8) - Linux man page},
  url = {https://linux.die.net/man/8/hping3/},
}

@misc { zmap,
  author = {Zakir Durumeric and Eric Wustrow and J. Alex Halderman},
  title = {Ubuntu Manpage: zmap - A fast Internet-wide scanner},
  url = {http://manpages.ubuntu.com/manpages/trusty/man1/zmap.1.html}
}
